@Misc{AV1,
  author  = {Conrad Constantine},
  title = {What kind of logs do you need for an effective SIEM implementation?},
  howpublished = { "\url{https://www.alienvault.com/blogs/security-essentials/what-kind-of-logs-for-effective-siem-implementation}" },
  year         = {2014},
  note         = {last visited on 20.\,Mai.\,2018}
}
%

@Misc{EP1,
  author  = {Raffael Marty},
  title  = {Event Processing – Normalization}, 
  howpublished = { "\url{http://raffy.ch/blog/2007/08/25/event-processing-normalization}"},
  year         = {2007},
  note         = {Last visited on 20.\,May.\,2018}
}

@Misc{EP2,
  author       = {Alex Teixeira},
  title        = {Get over SIEM event normalization},
  howpublished = {"\url {https://medium.com/ateixei/get-over-siem-event-normalization-595fc36559b4}"},
  year         = {2017},
  note         = {Last visited on 20.\,May.\,2018}
}

@Misc{EP3,
  author       = {McAffee},
  title        = {McAfee SIEM Event Aggregation},
  howpublished = { "\url{https://community.mcafee.com/nysyc36988/attachments/nysyc36988/business-documents/457/1/SIEM-Aggregation-AW.pdf}" },
  year         = {2016},
  note         = {Last visited on 20.\,May.\,2018},
}


@Misc{SIEMVendors1,
  author       = {Karen Scarfone},
  title        = {Comparing the best SIEM systems on the market},
  howpublished = { "\url{http://searchsecurity.techtarget.com/feature/Comparing-the-best-SIEM-systems-on-the-market}" },
  year         = {2015},
  note         = {Last visited on 20.\,May.\,2018},
}

%

@Misc{SIEMVendors3,
  author       = {Stephen Lawton},
  title        = {A Guide to Security Information and Event Management},
  howpublished = { "\url{http://www.tomsitpro.com/articles/siem-solutions-guide,2-864-2.html}" },
  year         = {2015},
  note         = {Last visited on 20.\,May.\,2018},
}

%

@Misc{SIEMVendors4,
author = {Jeff Edwards},
  title = {7 SIEM and Security Analytics Vendors to Watch in 2017},
  howpublished = { "\url{https://solutionsreview.com/security-information-event-management/7-siem-and-security-analytics-vendors-to-watch-in-2017}" },
  year         = {2016},
  note         = {Last visited on 20.\,May.\,2018},
}


@Misc{SIEMVendors5,
  author       = {Karen Scarfone},
  title        = {Comparung the best SIEM systems on the market},
  howpublished = { "\url{http://searchsecurity.techtarget.com/feature/Comparing-the-best-SIEM-systems-on-the-market}" },
  year         = {2015},
  note         = {Last visited on 20.\,May.\,2018},
}

%

@Misc{Stingley2015,
  author       = {Mark Stingley},
  title        = {Infrastructure Security Architecture for Effective Security Monitoring},
  howpublished = { "\url{https://www.sans.org/reading-room/whitepapers/bestprac/infrastructure-security-architecture-effective-security-monitoring-36512}" },
  year         = {2015},
  note         = {Last visited on 20.\,May.\,2018},
}

%

@Misc{DNS1,
  author       = {The Barking Seal},
  title        = {Understanding DNS: Essential knowledge for all IT professionals},
  howpublished = {"\url{https://www.appliedtrust.com/resources/infrastructure/understanding-dns-essential-knowledge-for-all-it-professionals}"},
  year         = {2009},
  note         = {Last visited on 20.\,May.\,2018},
}

@Misc{OSI1,
  author       = {Elektronik Kompendium},
  title        = {ISO/OSI-7-Schichtenmodell},
  howpublished = { "\url{https://www.elektronik-kompendium.de/sites/kom/0301201.htm}" },
  year         = {N/A},
  note         = {Last visited on 20.\,May.\,2018},
}

%

@Misc{AttackVector1,
  author       = {techopedia},
  title        = {Attack Vector},
  howpublished = {"\url{https://www.techopedia.com/definition/15793/attack-vector}"},
  year         = {N/A},
  note         = {Last visited on 20.\,May.\,2018},
}

@Misc{MES1,
  author       = {SoftSelect},
  title        = {Definition MES - Manufacturing Execution System},
  howpublished = { "\url{http://www.softselect.de/business-software-glossar/mes-manufacturing-execution-system}" },
  year         = {N/A},
  note         = {Last visited on 20.\,May.\,2018},
}

%

@Misc{HMI1,
  author       = {IPC2U},
  title        = {HMI},
  howpublished = {"\url{https://ipc2u.de/catalog/automatisierungstechnik/hmi/}"},
  year         = {N/A},
  note         = {Last visited on 20.\,May.\,2018},
}

@Misc{HMI2,
  author       = {Siemens},
  title        = {Basic HMI},
  howpublished = { "\url{http://w3.siemens.com/mcms/human-machine-interface/de/bediengeraete/basic-hmi/Seiten/Default.aspx}" },
  year         = {N/A},
  note         = {Last visited on 20.\,May.\,2018},
}

%

@Misc{SCADA2,
  author       = {ITWissen.info},
  title        = {SCADA (supervisory control and data acquisition)},
  howpublished = {"\url{https://www.itwissen.info/SCADA-supervisory-control-and-data-acquisition-SCADA-Protokoll.html}"},
  year         = {N/A},
  note         = {Last visited on 20.\,May.\,2018}
}

@Misc{SCADA3,
  author       = {admin},
  title        = {Was ist der Unterschied zwischen SCADA und HMI?},
  howpublished = { "\url{http://www.indusoft.com/blog/2013/04/19/unterschied-zwischen-scada-und-hmi}" },
  year         = {2013},
  note         = {Last visited on 20.\,May.\,2018},
}

%

@Misc{IndEth1,
  author = {Feldbusse.de},
  title = {Industrial Ethernet - Status und Ausblick},
  howpublished = { "\url{http://www.feldbusse.de/trends/status-ethernet.shtml }" },
  year         = {N/A},
  note         = {Last visited on 20.\,May.\,2018},
}

%

@Misc{IndEth3,
  author       = {Feldbusse.de},
  title        = {Vergleich der Industrial-Ethernet-Systeme},
  howpublished = { "\url{http://www.feldbusse.de/Vergleich/vergleich_ethernet.shtml}" },
  year         = {N/A},
  note         = {Last visited on 20.\,May.\,2018},
}

%

@Misc{IndAttVec1,
  author       = {Bundesamt für Sicherheit in der Informationstechnik},
  title        = {Industrial Control System Security - Top 10 Bedrohungen und Gegenmaßnahmen 2016},
  howpublished = {"\url{https://www.allianz-fuer-cybersicherheit.de/ACS/DE/_/downloads/BSI-CS_005.pdf?__blob=publicationFile}"},
  year         = {2016},
  note         = {Last visited on 20.\,May.\,2018},
}

@Misc{Ind401,
  author       = {Bundesministerium für Wirtschaft und Energie},
  title        = {Was ist Industrie 4.0?},
  howpublished = { "\url{https://www.plattform-i40.de/I40/Navigation/DE/Industrie40/WasIndustrie40/was-ist-industrie-40.html}" },
  year         = {2018},
  note         = {Last visited on 20.\,May.\,2018},
}

@Misc{MS1,
  author       = {Microsoft},
  title        = {Event Properties},
  howpublished = { "\url{https://technet.microsoft.com/de-de/library/cc765981(v=ws.11).aspx}" },
  year         = {2013},
  note         = {Last visited on 05.\,June.\,2018},
}

@Misc{MS2,
  author       = {Microsoft},
  title        = {Event Logs},
  howpublished = {"\url{https://technet.microsoft.com/de-de/library/cc722404(v=ws.11).aspx}"},
  year         = {2013},
  note         = {Last visited on 05.\,June.\,2018},
}

%

@Misc{MS3,
  author       = {Microsoft},
  title        = {Description of security events in Windows 7 and in Windows Server 2008 R2},
  howpublished = {"\url{https://support.microsoft.com/en-us/help/977519/description-of-security-events-in-windows-7-and-in-windows-server-2008}"},
  year         = {2011},
  note         = {Last visited on 05.\,June.\,2018},
}

@Misc{MS4,
  author       = {Microsoft},
  title        = {Windows Filtering Platform},
  howpublished = {"\url{https://msdn.microsoft.com/de-de/library/windows/desktop/aa366510(v=vs.85).aspx}"},
  year         = {2018},
  note         = {Last visited on 05.\,June.\,2018},
}

%

@Misc{Linux1,
  author = {Marcel},
  title        = {12 Critical Linux Log Files You Must be Monitoring},
  howpublished = {"\url{https://www.eurovps.com/blog/important-linux-log-files-you-must-be-monitoring/}"},
  year         = {2018},
  note         = {Last visited on 05.\,June.\,2018},
}

@Misc{Linux2,
  author       = {Admin},
  title        = {CentOS / RedHat : Beginners guide to log file administration},
  howpublished = {"\url{https://www.thegeekdiary.com/centos-redhat-beginners-guide-to-log-file-administration/}"},
  year         = {N/A},
  note         = {Last visited on 05.\,June.\,2018},
}

@Misc{Linux3,
  author       = {Christoph},
  title        = {HOWTO: linux logfiles},
  howpublished = {"\url{http://www.linux-community.de/fragen/howto-linux-logfiles/}"},
  year         = {2003},
  note         = {Last visited on 05.\,June.\,2018},
}

@Misc{Linux4,
  author       = {Amy Echeverri, Sadequl Hussain},
  title        = {Linux Logging Basics},
  howpublished = {"\url{https://www.loggly.com/ultimate-guide/linux-logging-basics/}"},
  year         = {N/A},
  note         = {Last visited on 05.\,June.\,2018},
}
%

@Misc{Linux5,
  author       = {Verschiedene Autoren},
  title        = {Logdateien},
  howpublished = {"\url{https://wiki.ubuntuusers.de/Logdateien/}"},
  year         = {2018},
  note         = {Last visited on 05.\,June.\,2018},
}

@Misc{Linux6,
  author       = {Kerneltalks.com},
  title        = {11 log files you should see on your Linux system},
  howpublished = {"\url{https://kerneltalks.com/troubleshooting/11-log-files-you-should-see-on-your-linux-system/}"},
  year         = {2017},
  note         = {Last visited on 05.\,June.\,2018},
}

%

%Apache1 Quelle fehlt!

@Misc{Apache2,
  author       = {Apache},
  title        = {Apache-Kernfunktionen - LogLevel-Direktive},
  howpublished = {"\url{https://httpd.apache.org/docs/2.4/mod/core.html#loglevel}"},
  year         = {2018},
  note         = {Last visited on 05.\,June.\,2018},
}
%

%SQL Server 1 Quelle fehlt
@Misc{MSSQL2,
  author       = {David LeBlanc},
  title        = {Overview of Microsoft SQL Server 2012},
  howpublished = {"\url{https://www.microsoftpressstore.com/articles/article.aspx?p=2201648}"},
  year         = {2013},
  note         = {Last visited on 05.\,Junes.\,2018},
}

@Misc{MSSQL3,
  author       = {David LeBlanc},
  title        = {Overview of Microsoft SQL Server 2012 - Database Engine},
  howpublished = {"\url{https://www.microsoftpressstore.com/articles/article.aspx?p=2201648&seqNum=2}"},
  year         = {2013},
  note         = {Last visited on 05.\,June.\,2018},
}

%

@Misc{MSSQL4,
  author       = {David LeBlanc},
  title        = {Overview of Microsoft SQL Server 2012 - Security subsystem},
  howpublished = {"\url{https://www.microsoftpressstore.com/articles/article.aspx?p=2201648&seqNum=4}"},
  year         = {2013},
  note         = {Last visited on 05.\,June.\,2018},
}

%

@Misc{MSSQL5,
  author       = {Craig Guyer and Ed Macauley and Sudeep Kumar and Bruce Hamilton and Saisang Cai and Rick Byham and Gene Milener},
  title        = {SQL Server Audit (Database Engine)},
  howpublished = {"\url{https://docs.microsoft.com/en-us/sql/relational-databases/security/auditing/sql-server-audit-database-engine?view=sql-server-2017}"},
  year         = {2016},
  note         = {Last visited on 05.\,June.\,2018},
}

@Misc{MSSQL6,
  author       = {Ed Macauley, Craig Guyer},
  title        = {SQL Server Audit Action Groups and Actions},
  howpublished = {"\url{https://docs.microsoft.com/en-us/sql/relational-databases/security/auditing/sql-server-audit-action-groups-and-actions?view=sql-server-2017}"},
  year         = {2016},
  note         = {Last visited on 05.\,June.\,2018},
}

@Misc{SSH1,
  author       = {O'Reily},
  title        = {SSH: The Secure Shell - Inside SSH-2},
  howpublished = {"\url{https://docstore.mik.ua/orelly/networking_2ndEd/ssh/ch03_05.htm}"},
  year         = {2002},
  note         = {Last visited on 05.\,June.\,2018},
}

@Misc{RDP1,
  author       = {Microsoft},
  title        = {Remote Desktop Protocol},
  howpublished = {"\url{https://msdn.microsoft.com/en-us/library/aa383015.aspx}"},
  year         = {2018},
  note         = {Last visited on 05.\,June.\,2018},
}

%

@Misc{RDP2,
  author       = {Microsoft},
  title        = {Remote Desktop Protocol: Basic Connectivity and Graphics Remoting},
  howpublished = {"\url{https://msdn.microsoft.com/en-us/library/cc240445.aspx}"},
  year         = {2018},
  note         = {Last visited on 05.\,June.\,2018},
}

%

@Misc{SQLProt1,
  author       = {Microsoft},
  title        = {[MS-SSSO]: SQL Server System Overview},
  howpublished = {"\url{https://msdn.microsoft.com/en-us/library/ff420673(v=sql.105).aspx}"},
  year         = {2018},
  note         = {Last visited on 05.\,June.\,2018},
}

@Misc{EntAnalysis1,
  author       = {Will Gibb},
  title        = {OpenIOC Series: Investigating with Indicators of Compromise (IOCs) – Part I},
  howpublished = {"\url{https://www.fireeye.com/blog/threat-research/2013/12/openioc-series-investigating-indicators-compromise-iocs.html}"},
  year         = {2013},
  note         = {Last visited on 05.\,June.\,2018},
}

@Misc{EntAnalysis2,
  author       = {Alexander Hanel},
  title        = {An Intro to Creating Anti-Virus Signatures},
  howpublished = {"\url{http://hooked-on-mnemonics.blogspot.de/2011/01/intro-to-creating-anti-virus-signatures.html}"},
  year         = {2011},
  note         = {Last visited on 05.\,June.\,2018},
}

%

@Misc{SiemensSPS1,
  author       = {Siemens AG},
  title        = {Die SIMATIC S7-1200 Baugruppen im Überblick},
  howpublished = {"\url{https://www.siemens.com/global/de/home/produkte/automatisierung/systeme/industrie/sps/s7-1200.html}"},
  year         = {2018},
  note         = {Last visited on 05.\,June.\,2018},
}

%

@Misc{SiemensSPS2,
  author       = {Siemens AG},
  title        = {SIMATIC S7-1200 Automatisierungssystem Betriebshandbuch},
  howpublished = {"\url{ï»¿https://support.industry.siemens.com/cs/document/109741593/simatic-s7-s7-1200-automatisierungssystem?dti=0&dl=de&lc=en-WW}"},
  year         = {2016},
  note         = {Last visited on 05.\,June.\,2018},
  address      = {"},
}

%

@Misc{Profibus1,
  author       = {Feldbusse.de},
  title        = {Profibus},
  howpublished = {"\url{http://www.feldbusse.de/Profibus/profibus.shtml}"},
  year         = {2015},
  note         = {Last visited on 05.\,June.\,2018},
}
%

@Misc{Profibus2,
  author       = {Feldbusse.de},
  title        = {Profibus - Buszugriffsprotokoll (FDL)},
  howpublished = {"\url{http://www.feldbusse.de/Profibus/Buszugriffsprotokoll.shtml}"},
  year         = {2015},
  note         = {Last visited on 05.\,June.\,2018},
}

%

@Misc{Profibus3,
  author       = {Wikipedia},
  title        = {Profibus},
  howpublished = {"\url{https://de.wikipedia.org/wiki/Profibus}"},
  year         = {2018},
  note         = {Last visited on 05\,June.\,2018},
}

%

@Misc{Profibus5,
  author       = {Feldbusse.de},
  title        = {Profibus-DP},
  howpublished = {"\url{http://www.feldbusse.de/Profibus/Profibus-DP.shtml}"},
  year         = {2015},
  note         = {Last visited on 05.\,June.\,2018},
}

%

@Misc{Profibus6,
  author       = {Feldbusse.de},
  title        = {Profibus-DPV1},
  howpublished = {"\url{http://www.feldbusse.de/Profibus/DPV1.shtml}"},
  year         = {2015},
  note         = {Last visited on 05.\,June.\,2018},
}

@Misc{Profibus7,
  author       = {Max Felser},
  title        = {PROFIBUS Handbuch - Dienste für die Datenübertragung},
  howpublished = {"\url{https://www.profibus.felser.ch/datenubertragung_1.html}"},
  year         = {2017},
  note         = {Last visited on 24.\,June.\,2018},
}

@Misc{Profibus8,
  author       = {Max Felser},
  title        = {PROFIBUS Handbuch - Telegrammformate},
  howpublished = {"\url{https://www.profibus.felser.ch/telegrammformate.html}"},
  year         = {2017},
  note         = {Last visited on 24.\,June.\,2018},
}

@Misc{Profibus9,
  author       = {Max Felser},
  title        = {PROFIBUS Handbuch - Initialisierung eines DP-Slave},
  howpublished = {"\url{https://www.profibus.felser.ch/initialisierung_eines_dp-slave.html}"},
  year         = {2017},
  note         = {Last visited on 24.\,June.\,2018},
}

@Misc{Profibus10,
  author       = {Max Felser},
  title        = {PROFIBUS Handbuch - Diagnose},
  howpublished = {"\url{https://www.profibus.felser.ch/diagnose.html}"},
  year         = {2017},
  note         = {Last visited on 24.\,June.\,2018},
}

@Misc{Profibus11,
  author       = {Max Felser},
  title        = {PROFIBUS Handbuch - MS1 Verbindung},
  howpublished = {"\url{https://www.profibus.felser.ch/ms1_verbindung.html}"},
  year         = {2017},
  note         = {Last visited on 24.\,June.\,2018},
}

@Misc{Profibus12,
  author       = {Max Felser},
  title        = {PROFIBUS Handbuch - Stationsübergreifende Dienste},
  howpublished = {"\url{https://www.profibus.felser.ch/stationsubergreifende_dienste.html}"},
  year         = {2017},
  note         = {Last visited on 24.\,June.\,2018},
}
%

@Misc{PROFINET1,
  author       = {PROFIBUS Nutzerorganisation e.V. (PNO)},
  title        = {Profinet Systembeschreibung},
  howpublished = {"\url{https://de.profibus.com/downloads/profinet-technology-and-application-system-description/}"},
  year         = {2014},
  note         = {Last visited on 05.\,June.\,2018},
}

@Misc{PROFINET2,
  author       = {John Rinaldi},
  title        = {PROFINET I\&M},
  howpublished = {"\url{https://www.rtaautomation.com/blog/profinet-im/}"},
  year         = {2016},
  note         = {Last visited on 04.\,July.\,2018},
}

@Misc{PROFINET3,
  author       = {Max Felser},
  title        = {PROFINET Handbuch - Protokolle und Dienste},
  howpublished = {"\url{https://www.profinet.felser.ch/protokolleunddienste.html}"},
  year         = {2018},
  note         = {Last visited on 24.\,July.\,2018},
}

@Misc{WinCC1,
  author       = {Siemens AG},
  title        = {SIMATIC WinCC V7 - Produktinformation},
  howpublished = {"\url{https://mall.industry.siemens.com/mall/de/WW/Catalog/Products/10042373?tree=CatalogTree}"},
  year         = {2018},
  note         = {Last visited on 0ß5.\,June.\,2018},
}

@Misc{WinCC2,
  author       = {Siemens AG},
  title        = {SIMATIC HMI WinCC V7.2 Getting Started},
  howpublished = {"\url{https://cache.industry.siemens.com/dl/files/596/73505596/att_77660/v1/GettingStarted_en-US.pdf}"},
  year         = {2013},
  note         = {Last visited on 05.\,June.\,2018},
}

@Misc{WinCC3,
  author       = {Siemens AG},
  title        = {WinCC V7.3 - Working with WinCC},
  howpublished = {"\url{https://cache.industry.siemens.com/dl/files/925/102754925/att_62020/v1/WinCC_Working_with_WinCC_en-US_en-US.pdf}"},
  year         = {2014},
  note         = {Last visited on 05.\,June.\,2018},
}


@Inbook{Lankhorst2017,
author="Lankhorst, Marc M.",
title="Introduction to Enterprise Architecture",
bookTitle="Enterprise Architecture at Work: Modelling, Communication and Analysis",
year="2017",
publisher="Springer Berlin Heidelberg",
address="Berlin, Heidelberg",
pages="1--10",
isbn="978-3-662-53933-0",
doi="10.1007/978-3-662-53933-0_1",
url="https://doi.org/10.1007/978-3-662-53933-0_1"
}

@Inbook{Campbell2016,
author="Campbell, Tony",
title="Protection of Systems",
bookTitle="Practical Information Security Management: A Complete Guide to Planning and Implementation",
year="2016",
publisher="Apress",
address="Berkeley, CA",
pages="155--177",
url="https://doi.org/10.1007/978-1-4842-1685-9_10"
}
%doi="10.1007/978-1-4842-1685-9_10",

@Inbook{Linke2017,
author="Linke, Petra",
title="Grundlagen zur Automatisierung",
bookTitle="Grundlagen Automatisierung: Sensorik, Regelung, Steuerung",
year="2017",
publisher="Springer Fachmedien Wiesbaden",
address="Wiesbaden",
pages="1--28",
isbn="978-3-658-17582-5",
url="https://doi.org/10.1007/978-3-658-17582-5_1"
}

%doi="10.1007/978-3-658-17582-5_1",

@Inbook{Hoenle2017,
author="H{\"o}nle, Rainer",
editor="Hering, Ekbert
and Bressler, Klaus
and Gutekunst, J{\"u}rgen",
title="Speicherprogrammierbare Steuerungen",
bookTitle="Elektronik f{\"u}r Ingenieure und Naturwissenschaftler",
year="2017",
publisher="Springer Berlin Heidelberg",
address="Berlin, Heidelberg",
pages="745--792",
isbn="978-3-662-54214-9",
url="https://doi.org/10.1007/978-3-662-54214-9_16"
}

%doi="10.1007/978-3-662-54214-9_16",

@Inbook{Gutekunst2017,
author="Gutekunst, J{\"u}rgen",
title="Schnittstellen, Bussysteme und Netze",
bookTitle="Elektronik f{\"u}r Ingenieure und Naturwissenschaftler",
year="2017",
publisher="Springer Berlin Heidelberg",
address="Berlin, Heidelberg",
pages="687--744",
url="https://doi.org/10.1007/978-3-662-54214-9_15"
}
%doi="10.1007/978-3-662-54214-9_15",


@Inbook{Jeong2009,
author="Jeong, Wootae",
title="Sensors and Sensor Networks",
bookTitle="Springer Handbook of Automation",
year="2009",
publisher="Springer Berlin Heidelberg",
address="Berlin, Heidelberg",
pages="333--348",
isbn="978-3-540-78831-7",
url="https://doi.org/10.1007/978-3-540-78831-7_20"
}
%doi="10.1007/978-3-540-78831-7_20",

@Inbook{Pereira2009,
author="Pereira, Carlos E.
and Neumann, Peter",
title="Industrial Communication Protocols",
bookTitle="Springer Handbook of Automation",
year="2009",
publisher="Springer Berlin Heidelberg",
address="Berlin, Heidelberg",
pages="981--999",
isbn="978-3-540-78831-7",
url="https://doi.org/10.1007/978-3-540-78831-7_56"
}
%doi="10.1007/978-3-540-78831-7_56",

@Inbook{Partida2010,
author="Partida, Alberto
and Andina, Diego",
title="Vulnerabilities, Threats and Risks in IT",
bookTitle="IT Security Management: IT Securiteers - Setting up an IT Security Function",
year="2010",
publisher="Springer Netherlands",
address="Dordrecht",
pages="1--21",
isbn="978-90-481-8882-6",
url="https://doi.org/10.1007/978-90-481-8882-6_1"
}
%doi="10.1007/978-90-481-8882-6_1",

@InBook{RM2,
  pages  = {39-62},
  title  = {Risikomanagement},
  year   = {2016},
  author = {Kersten, Heinrich and Klett, Gerhard and Reuter, Jürgen and Schröder, Klaus-Werner},
  month  = {09},
  isbn   = {978-3-658-14693-1},
}

@Article{6924640,
  author   = {S. Bhatt and P. K. Manadhata and L. Zomlot},
  title    = {The Operational Role of Security Information and Event Management Systems},
  journal  = {IEEE Security Privacy},
  year     = {2014},
  volume   = {12},
  number   = {5},
  pages    = {35-41},
  month    = {Sept},
  issn     = {1540-7993},
}
%doi      = {10.1109/MSP.2014.103},

@INPROCEEDINGS{6261962, 
author={D. Jayathilake}, 
booktitle={2012 Ninth International Conference on Computer Science and Software Engineering (JCSSE)}, 
title={Towards structured log analysis}, 
year={2012}, 
volume={}, 
number={}, 
pages={259-264}, 
ISSN={}, 
month={May},
}
%doi={10.1109/JCSSE.2012.6261962}, 

@INPROCEEDINGS{6622964, 
author={M. Krotofil and D. Gollmann}, 
booktitle={2013 11th IEEE International Conference on Industrial Informatics (INDIN)}, 
title={Industrial control systems security: What is happening?}, 
year={2013}, 
volume={}, 
number={}, 
pages={670-675}, 
ISSN={1935-4576}, 
month={July},
}
%doi={10.1109/INDIN.2013.6622964}, 

%---------------
@Misc{Cheng.2012,
author = {Tsung-Huan Cheng and Ying-Dar Lin and Yuan-Cheng Lai and Po-Ching Lin},
title = {Evasion Techniques: Sneaking through Your Intrusion Detection/Prevention Systems},
year = {2012},
howpublished = {IEEE Communications Surveys \& Tutorials, Vol. 14, No. 4, Fourth Quarter 2012}
}


@book{Kizza.2013,
author = {J. M. Kizza},
year = {2013},
title = {Guide to Computer Network Security},
chapter = {Cybercrimes and Hackers},
publisher = {Springer-Verlag},
isbn= {978-1-4471-4543-1}
}


@Misc{Toth.2002,
author= {Thomas Toth and Christopher Kruegel},
title= {Evaluating the Impact of Automated Intrusion Response Mechanisms},
year= {2002},
howpublished = "\url{http://ieeexplore.ieee.org/xpl/mostRecentIssue.jsp?punumber=8386}",
lastchecked = {24.\, Dezember.\,2014}
}

%%Kommentierte Quellen, in diesem Format nicht nutzbar!!!
%/bibitem{CSDeterrence}Cyber Security - Deterrence and IT Protection for Critical Infrastructures
	%/bibitem{Cybercrimes}J.M. Kizza, Guide to Computer Network Security, Computer Communications 107 and Networks (P. 107-116)
	%/bibitem{DDoSQ3Report2014} Akamais' 2014 internet security report Q3
	
%%Kapitel
%\bibitem{DeterLab} About DeterLab | Deter [06.11.2014]
%\bibitem{DeterSEER} DETER Wiki [06.11.2014]

%%Weitere Quellen
%\bibitem{DDoS1} Link11: \textif{Was sind DDoS-Attacken? Angriffsmuster und Bandbreiten}. \url{http://www.link11.de/ddos-schutz/was-sind-ddos-attacken.html}, zuletzt besucht 17.11.2014
%\bibitem{IDS1} Department of Computer Sience, Iowa State University: \textif{A taxonomy of intrusion response systems}. \url{http://www.cob.calpoly.edu/~ijics/ijics-6.pdf},  [2007], zuletzt besucht am 06.11.2014
%\bibitem{IRS1} DiPietro,Mancini: \textif{IntrusionDetectionSystems}. \url{http://books.google.de/books? hl=de&lr=&id=dnWHZe9TzK4C&oi=fnd&pg=PA1&dq=intrusion+reaction+ systems&ots=3kVOv1EqEV&sig=CJVDo1HwUP7OvID4Mk7gN8IFqzU#v=onepage&q&f= false}, [2008], zuletzt besucht am 06.11.2014; S. 178 


%%


