@Misc{latextug,
  author =       {{Hammer} and {Prokop} and {Voit} and {Quaritsch}},
  title =        {LaTeX@TUG},
  howpublished = "\url{http://latex.tugraz.at}",
}

@book{Herling.2009,
 author = {Jochen Herling und Karl-Heinz Kuhlmann und Uwe Scheele und Wilhelm Wilke},
 year = {2009},
 title = {{M}athematik: {S}ch{\"u}lerband 8},
 address = {Braunschweig},
 edition = {1},
 publisher = {Westermann},
 isbn = {3141218285}
}


@Misc{personalausweis,
	author=				{{Das Bundesministerium des Innern}},
  title =        {{Der neue Personalausweis}},
  year={2011},
  howpublished = "\url{http://www.personalausweisportal.de/SharedDocs/Bilder/DE/Ausweis_stehend.jpg?__blob=poster&v=6}",
}


@Misc{biometry,
	author = {Christoph Busch},
	title  ={3D Face Recogniton},
	year = {2011}
}

@Misc{spam2012,
	author=				{{Symantec Corporation}},
  title =        {Symantec Intelligence Report: January 2012},
  year={2011},
  howpublished = "\url{http://www.symanteccloud.com/de/de/mlireport/SYMCINT_2012_01_January_FINAL_DE.pdf}",
}


@Misc{eckert2009,
	author=				{Claudia Eckert und  Michael Herfert},
  title =       {Innovative Lösungen mit dem Elektronischen Personalausweis - der Darmstädter Campuspilot},
  year=					{2009},
  howpublished = "\url{http://www.sec.in.tum.de/assets/lehre/ss09/sms/Eckert_ePA.pdf}",
}

@book{Tan.2005,
 author = {Pang-Ning Tan und Michael Steinbach und Vipin Kumar},
 year = {2005},
 title = {{I}ntroduction to data mining},
 address = {Boston},
 edition = {1},
 publisher = {Pearson Addison Wesley},
 isbn = {0321321367},
 abstract = {{"}Introduction to Data Mining is a complete introduction to data mining for students, researchers, and professionals. It provides a sound understanding of the foundations of data mining, in addition to covering many important advanced topics.{"}--BOOK JACKET.}
}

            
@inproceedings{Thonnard:2011,
 author = {Thonnard, Olivier and Dacier, Marc},
 title = {A strategic analysis of spam botnets operations},
 booktitle = {Proceedings of the 8th Annual Collaboration, Electronic messaging, Anti-Abuse and Spam Conference},
 series = {CEAS '11},
 year = {2011},
 isbn = {978-1-4503-0788-8},
 location = {Perth, Australia},
 pages = {162--171},
 numpages = {10},
 url = {http://doi.acm.org/10.1145/2030376.2030395},
 doi = {10.1145/2030376.2030395},
 acmid = {2030395},
 publisher = {ACM},
 address = {New York, NY, USA},
 keywords = {Rustock take-down, botnet intelligence, spam botnets},
} 

@book{Teschl.2008,
 author = {Gerald Teschl and Susanne Teschl},
 year = {2008},
 title = {{M}athematik f{\"u}r {I}nformatiker: {B}and 1},
 address = {Berlin and Heidelberg},
 edition = {3},
 publisher = {Springer-Verlag Berlin Heidelberg},
 isbn = {978-3540774310}
}


@MISC{Crypttool:2010,
author = {{Das Cryptool Team}},
title = {Asymmetrische {K}ryptologie am {B}eispiel {R}{S}{A} entdecken},
month = Jan,
year = {2010},
lastchecked = {19.\,April.\,2012},
howpublished={\url{https://www.cryptoportal.org/data/Asymmetrische\%20Kryptologie\%20am\%20Beispiel\%20RSA\%20entdecken\_v1.1.pdf}}
}


@book{Schneier.2006,
 author = {Schneier, Bruce},
 year = {2006},
 title = {{A}ngewandte {K}ryptographie - {D}er {K}lassiker: {P}rotokolle, {A}lgorithmen und {S}ourcecode in {C}},
 address = {Chichester},
 publisher = {Pearson Addison Wesley},
 isbn = {0471117099}
}


@book{Maroska.2004,
 author = {Rainer Maroska and Achim Olpp and Claus Stöckle and Hartmut Wellstein},
 year = {2004},
 title = {{S}chnittpunkt {M}athematik {R}heinland-{P}falz},
 editin ={Auflage: 1. A.},
 publisher = {Klett-Verlag},
 isbn = {978-3-12-741760-9}
}


@book{Papula.2011,
 author = {Papula, Lothar},
 year = {2011},
 title = {{M}athematik f{\"u}r {I}ngenieure und {N}aturwissenschaftler {B}and 1: {E}in {L}ehr- und {A}rbeitsbuch f{\"u}r das {G}rundstudium},
 address = {Wiesbaden},
 edition = {13},
 publisher = {Vieweg + Teubner},
 isbn = {978-3-8348-1749-5}
}

@Misc{statistiksymantec,
	author=				{{Symantec Corporation}},
  title =        {Internet Security Threat Report Volume 16},
  year={2012},
  howpublished = "\url{http://www.symantec.com/content/en/us/enterprise/other_resources/b-istr_main_report_2011_21239364.en-us.pdf}",
}


@book{Griffiths.2009,
 author = {Griffiths, Dawn},
 year = {2009},
 title = {{S}tatistik von {K}opf bis {F}uss: {E}in {B}uch zum {M}itmachen und {V}erstehen},
 address = {Beijing  and  and Cambridge and K{\"o}ln and Sebastopol and Taipei and Tokyo},
 publisher = {O'Reilly},
 isbn = {978-3-89721-891-8}
}

@book{Maroska.2010,
 author = {Maroska, Rainer and Olpp, Achim and Pongs, Rainer and St{\"o}ckle, Claus and Wellstein, Hartmut and Wontroba, Heiko},
 year = {2010},
 title = {{S}chnittpunkt - {M}athematik f{\"u}r {R}ealschulen},
 address = {Stuttgart and Leipzig},
 edition = {1. Auflage},
 publisher = {Klett},
 isbn = {978-3-12-742601-4}
}

@book{Bronstein.2008,
 author = {Bronstein, Ilja N. and Semendjajew, Konstantin A.},
 year = {2008},
 title = {{T}aschenbuch der {M}athematik},
 address = {Frankfurt am Main},
 edition = {7},
 publisher = {Deutsch},
 isbn = {978-3-8171-2017-8}
}


@book{Schmid.1990,
 author = {Schmid, August and Schweizer, Wilhelm},
 year = {1990},
 title = {{A}nalysis: {G}rundkurs ; {G}esamtausg},
 address = {Stuttgart},
 edition = {1},
 publisher = {Klett Schulbuchverl},
 isbn = {3-12-739640-6}
}


@book{Griesel.2011,
 author = {Griesel, Heinz and Gundlach, Andreas and Postel, Helmut and Suhr, Friedrich},
 year = {2011},
 title = {{E}lemente der {M}athematik - {E}d{M}},
 address = {Braunschweig},
 edition = {1},
 publisher = {Schroedel},
 isbn = {978-3-507-87954-6}
}


@book{Papula.2006,
 author = {Papula, Lothar},
 year = {2006},
 title = {{M}athematische {F}ormelsammlung f{\"u}r {I}ngenieure und {N}aturwissenschaftler: {M}it zahlreichen {R}echenbeispielen und einer ausf{\"u}hrlichen {I}ntegraltafel},
 address = {Wiesbaden},
 edition = {9},
 publisher = {Vieweg},
 isbn = {978-3-8348-0156-2}
}



@Misc{grundmann.2007,
	author=				{Grundmann, Günter},
  title =        {Biometrische Verfahren im Prüfungslabor},
  year={2007},
  howpublished = "\url{http://www.tuer-tor-report.com/uploads/images/14\_01\_d\_TTF\_1\_07.jpg}",
}


@book{Hanisch.2006,
 author = {Hanisch, Günter and Reichel, Hans-Christian and Müller, Robert and Schak, Sonja},
 year = {2006},
 title = {Mathematik für HLA 1},
 address = {Wien},
 publisher = {Verlag Hölder-Pichler-Tempsky GmbH \& Co KG},
 isbn = {978-3-230-02652-1}
}